@article{barahhou2022netzero,
  author    = {Barahhou, Ines and Ben Slimane, Mohamed and Roncalli, Thierry and Oulid Azouz, Noureddine},
  title     = {Net Zero Investment Portfolios - Part 1. The Comprehensive Integrated Approach},
  year      = {2022},
  note      = {Available at SSRN: \url{https://ssrn.com/abstract=4283998} or \url{http://dx.doi.org/10.2139/ssrn.4283998}},
  month     = {October 13},
}

@misc{paris_agreement,
  author       = {{United Nations Framework Convention on Climate Change}},
  title        = {Paris Agreement},
  year         = {2015},
  howpublished = {\url{https://unfccc.int/sites/default/files/english_paris_agreement.pdf}},
  note         = {Accessed: 2025-01-25}
}